<?xml version="1.0"?>
<marc:records xmlns:marc="http://www.loc.gov/MARC21/slim" xmlns:xsi="http://www.w3.org/2001/XMLSchema-instance" xsi:schemaLocation="http://www.loc.gov/MARC21/slim http://www.loc.gov/standards/marcxml/schema/MARC21slim.xsd">
  <marc:record>
    <marc:leader>03879cam a2200613Ia 4500</marc:leader>
    <marc:controlfield tag="001">9977570028403681</marc:controlfield>
    <marc:controlfield tag="005">20191021083304.0</marc:controlfield>
    <marc:controlfield tag="006">m     o  c        </marc:controlfield>
    <marc:controlfield tag="007">cr#cn|024aaaba</marc:controlfield>
    <marc:controlfield tag="008">190806q16001799mr            000 0 ara d</marc:controlfield>
    <marc:datafield ind1=" " ind2=" " tag="035">
  <marc:subfield code="a">(OCoLC)1111628020</marc:subfield>
</marc:datafield>
    <marc:datafield ind1=" " ind2=" " tag="035">
  <marc:subfield code="a">(OCoLC)on1111628020</marc:subfield>
</marc:datafield>
    <marc:datafield ind1=" " ind2=" " tag="040">
  <marc:subfield code="a">PAU</marc:subfield>
  <marc:subfield code="b">eng</marc:subfield>
  <marc:subfield code="c">PAU</marc:subfield>
  <marc:subfield code="e">amremm</marc:subfield>
  <marc:subfield code="d">PAU</marc:subfield>
</marc:datafield>
    <marc:datafield ind1=" " ind2="9" tag="099">
  <marc:subfield code="a">Penn Museum 29-201-705</marc:subfield>
</marc:datafield>
    <marc:datafield ind1="1" ind2=" " tag="100">
  <marc:subfield code="6">880-01</marc:subfield>
  <marc:subfield code="a">H&#x323;ubayshi&#x304;, Muh&#x323;ammad ibn &#x2BB;Abd al-Rah&#x323;ma&#x304;n,</marc:subfield>
  <marc:subfield code="d">1313-1380.</marc:subfield>
</marc:datafield>
    <marc:datafield ind1="1" ind2="0" tag="245">
  <marc:subfield code="6">880-02</marc:subfield>
  <marc:subfield code="a">Kita&#x304;b al-barakah</marc:subfield>
  <marc:subfield code="h">[electronic resource].</marc:subfield>
</marc:datafield>
    <marc:datafield ind1=" " ind2=" " tag="260">
  <marc:subfield code="a">[Morocco?],</marc:subfield>
  <marc:subfield code="c">[between 1600 and 1799?]</marc:subfield>
</marc:datafield>
    <marc:datafield ind1=" " ind2=" " tag="300">
  <marc:subfield code="a">1 online resource (ii, 157, i, paginated leaves).</marc:subfield>
</marc:datafield>
    <marc:datafield ind1=" " ind2=" " tag="500">
  <marc:subfield code="a">Title from introduction (p. 3)</marc:subfield>
</marc:datafield>
    <marc:datafield ind1=" " ind2=" " tag="500">
  <marc:subfield code="a">Pagination in pencil, upper outer corners (1-314); catchwords every verso, lower left.</marc:subfield>
</marc:datafield>
    <marc:datafield ind1=" " ind2=" " tag="500">
  <marc:subfield code="a">Layout: Written in 26 long lines; poetry in two columns.</marc:subfield>
</marc:datafield>
    <marc:datafield ind1=" " ind2=" " tag="500">
  <marc:subfield code="a">Script: Written in maghribi&#x304; in dark brown ink; pointed.</marc:subfield>
</marc:datafield>
    <marc:datafield ind1=" " ind2=" " tag="500">
  <marc:subfield code="a">Decoration: Rubrications in red.</marc:subfield>
</marc:datafield>
    <marc:datafield ind1=" " ind2=" " tag="500">
  <marc:subfield code="a">Binding: Bound in brown leather over pasteboard with flap (Type II); blind stamped central mandola and blind tooled and stamped frames.</marc:subfield>
</marc:datafield>
    <marc:datafield ind1=" " ind2=" " tag="500">
  <marc:subfield code="a">Origin: Item is undated, but likely copied in the 17th or 18th century.</marc:subfield>
</marc:datafield>
    <marc:datafield ind1=" " ind2=" " tag="500">
  <marc:subfield code="a">Dimensions of original manuscript: 300 x 210 (240 x 150) mm bound to 300 x 222 mm.</marc:subfield>
</marc:datafield>
    <marc:datafield ind1=" " ind2=" " tag="500">
  <marc:subfield code="a">Watermark: Horse with ribbons, head turned to look over its back, crescent moon shape on its flank; initials CR.</marc:subfield>
</marc:datafield>
    <marc:datafield ind1=" " ind2=" " tag="520">
  <marc:subfield code="a">About the blessings of various occupations.</marc:subfield>
</marc:datafield>
    <marc:datafield ind1=" " ind2=" " tag="524">
  <marc:subfield code="a">University of Pennsylvania Museum of Archaeology and Anthropology 29-201-705</marc:subfield>
</marc:datafield>
    <marc:datafield ind1=" " ind2=" " tag="533">
  <marc:subfield code="a">Electronic reproduction.</marc:subfield>
  <marc:subfield code="b">Philadelphia, Pa. :</marc:subfield>
  <marc:subfield code="c">University of Pennsylvania Libraries,</marc:subfield>
  <marc:subfield code="d">2019.</marc:subfield>
</marc:datafield>
    <marc:datafield ind1=" " ind2=" " tag="534">
  <marc:subfield code="p">Original:</marc:subfield>
  <marc:subfield code="t">Kita&#x304;b al-barakah (29-201-705),</marc:subfield>
  <marc:subfield code="l">University of Pennsylvania Museum of Archaeology and Anthropology.</marc:subfield>
</marc:datafield>
    <marc:datafield ind1=" " ind2=" " tag="538">
  <marc:subfield code="a">Mode of access: World Wide Web.</marc:subfield>
</marc:datafield>
    <marc:datafield ind1="1" ind2=" " tag="541">
  <marc:subfield code="a">Acquired during the Expedition in Morocco by Talcott Williams and Sophia Wells Royce Williams, 1898.</marc:subfield>
</marc:datafield>
    <marc:datafield ind1=" " ind2=" " tag="546">
  <marc:subfield code="a">Arabic.</marc:subfield>
</marc:datafield>
    <marc:datafield ind1=" " ind2="0" tag="650">
  <marc:subfield code="a">Islamic ethics</marc:subfield>
  <marc:subfield code="v">Early works to 1800.</marc:subfield>
</marc:datafield>
    <marc:datafield ind1=" " ind2="0" tag="650">
  <marc:subfield code="a">Barakah</marc:subfield>
  <marc:subfield code="v">Early works to 1800.</marc:subfield>
</marc:datafield>
    <marc:datafield ind1=" " ind2="7" tag="655">
  <marc:subfield code="a">Fascimiles.</marc:subfield>
  <marc:subfield code="2">aat</marc:subfield>
</marc:datafield>
    <marc:datafield ind1=" " ind2="7" tag="655">
  <marc:subfield code="a">Islamic bindings (Binding)</marc:subfield>
  <marc:subfield code="2">rbbin</marc:subfield>
</marc:datafield>
    <marc:datafield ind1=" " ind2="7" tag="655">
  <marc:subfield code="a">Full covers.</marc:subfield>
  <marc:subfield code="2">lobt</marc:subfield>
</marc:datafield>
    <marc:datafield ind1=" " ind2="7" tag="655">
  <marc:subfield code="a">Envelope flaps (features)</marc:subfield>
  <marc:subfield code="2">lobt</marc:subfield>
</marc:datafield>
    <marc:datafield ind1=" " ind2="7" tag="655">
  <marc:subfield code="a">Blind tooled (decoration)</marc:subfield>
  <marc:subfield code="2">lobt</marc:subfield>
</marc:datafield>
    <marc:datafield ind1=" " ind2="0" tag="655">
  <marc:subfield code="a">Manuscripts, Arabic.</marc:subfield>
</marc:datafield>
    <marc:datafield ind1=" " ind2="0" tag="655">
  <marc:subfield code="a">Manuscripts, 17th century.</marc:subfield>
</marc:datafield>
    <marc:datafield ind1=" " ind2="0" tag="655">
  <marc:subfield code="a">Manuscripts, 18th century.</marc:subfield>
</marc:datafield>
    <marc:datafield ind1="1" ind2=" " tag="700">
  <marc:subfield code="a">Williams, Talcott,</marc:subfield>
  <marc:subfield code="d">1849-1928,</marc:subfield>
  <marc:subfield code="e">former owner.</marc:subfield>
</marc:datafield>
    <marc:datafield ind1="0" ind2="2" tag="740">
  <marc:subfield code="6">880-03</marc:subfield>
  <marc:subfield code="a">Barakah fi&#x304; fad&#x323;l al-sa&#x2BB;y wa-al-h&#x323;arakah wa-ma&#x304; yunajji&#x304; bi-idhn Alla&#x304;h ta&#x2BB;a&#x304;la&#x301; min al-halakah.</marc:subfield>
</marc:datafield>
    <marc:datafield ind1=" " ind2=" " tag="852">
  <marc:subfield code="b">University of Pennsylvania Museum of Archaeology and Anthropology</marc:subfield>
  <marc:subfield code="a">University of Pennsylvania</marc:subfield>
  <marc:subfield code="j">Penn Museum 29-201-705</marc:subfield>
</marc:datafield>
    <marc:datafield ind1="4" ind2="1" tag="856">
  <marc:subfield code="z">Digital facsimile in OPenn</marc:subfield>
  <marc:subfield code="u">http://openn.library.upenn.edu/Data/0016/html/29_201_705.html</marc:subfield>
</marc:datafield>
    <marc:datafield ind1="1" ind2=" " tag="880">
  <marc:subfield code="6">100-01//r</marc:subfield>
  <marc:subfield code="a">&#x62D;&#x628;&#x64A;&#x634;&#x64A;&#x60C; &#x645;&#x62D;&#x645;&#x62F; &#x628;&#x646; &#x639;&#x628;&#x62F; &#x627;&#x644;&#x631;&#x62D;&#x645;&#x646;&#x60C;</marc:subfield>
  <marc:subfield code="d">1313-1380.</marc:subfield>
</marc:datafield>
    <marc:datafield ind1="1" ind2="0" tag="880">
  <marc:subfield code="6">245-02//r</marc:subfield>
  <marc:subfield code="a">&#x643;&#x62A;&#x627;&#x628; &#x627;&#x644;&#x628;&#x631;&#x643;&#x629;</marc:subfield>
  <marc:subfield code="h">[electronic resource].</marc:subfield>
</marc:datafield>
    <marc:datafield ind1="0" ind2="2" tag="880">
  <marc:subfield code="6">740-03//r</marc:subfield>
  <marc:subfield code="a">&#x628;&#x631;&#x643;&#x629; &#x641;&#x64A; &#x641;&#x636;&#x644; &#x627;&#x644;&#x633;&#x639;&#x64A; &#x648;&#x627;&#x644;&#x62D;&#x631;&#x643;&#x629; &#x648;&#x645;&#x627; &#x64A;&#x646;&#x62C;&#x64A; &#x628;&#x627;&#x630;&#x646; &#x627;&#x644;&#x644;&#x647; &#x62A;&#x639;&#x627;&#x644;&#x649; &#x645;&#x646; &#x627;&#x644;&#x647;&#x644;&#x643;&#x629;.</marc:subfield>
</marc:datafield>
    <marc:datafield ind1=" " ind2=" " tag="948">
  <marc:subfield code="h">HELD BY PAU - 0 OTHER HOLDINGS</marc:subfield>
</marc:datafield>
    <marc:datafield ind1=" " ind2=" " tag="994">
  <marc:subfield code="a">Z0</marc:subfield>
  <marc:subfield code="b">PAU</marc:subfield>
</marc:datafield>
    <marc:datafield ind1=" " ind2=" " tag="996">
  <marc:subfield code="a">hinge-right</marc:subfield>
</marc:datafield>
    <marc:holdings>
      <marc:holding>
        <marc:holding_id>22597269500003681</marc:holding_id>
        <marc:call_number>Penn Museum 29-201-705</marc:call_number>
        <marc:library>KislakCntr</marc:library>
        <marc:location>scmsw</marc:location>
      </marc:holding>
    </marc:holdings>
  </marc:record>
</marc:records>
